@article{Akaliyski2017,
author = {Akaliyski, Plamen},
title = {Sources of Societal Value Similarities across {Europe}: Evidence from Dyadic Models},
journal = {Comparative Sociology},
year = {2017},
publisher = {Brill},
address = {Leiden, The Netherlands},
volume = {16},
number = {4},
doi = {10.1163/15691330-12341432},
pages = {447--470},
url = {https://brill.com/view/journals/coso/16/4/article-p447_1.xml},
doi = {10.1163/15691330-12341432}
}

@article{Bromham2018,
title = {Parasites and politics: why cross-cultural studies must control for relatedness, proximity and covariation},
author = {Bromham, Lindell and Hua, Xia and Cardillo, Marcel and Schneemann, Hilde and Greenhill, Simon J},
journal = {Royal Society Open Science},
volume = {5},
number = {8},
pages = {181100},
year = {2018},
publisher = {The Royal Society},
doi = {10.1098/rsos.181100}
}

@article{Cinelli2022,
author = {Carlos Cinelli and Andrew Forney and Judea Pearl},
title ={A Crash Course in Good and Bad Controls},
journal = {Sociological Methods \& Research},
pages = {00491241221099552},
year = {2022},
doi = {10.1177/00491241221099552},
URL = {https://doi.org/10.1177/00491241221099552},
eprint = {https://doi.org/10.1177/00491241221099552}
}

@article{Chen2022,
doi = {10.1371/journal.pone.0270160},
author = {Chen, Rong and Fwu, Bih-Jen and Yang, Tong-Rong and Chen, Yi-Kai and Tran, Quang-Anh Ngo},
journal = {PLOS ONE},
publisher = {Public Library of Science},
title = {To mask or not to mask: Debunking the myths of mask-wearing during {COVID-19} across cultures},
year = {2022},
month = {09},
volume = {17},
url = {https://doi.org/10.1371/journal.pone.0270160},
pages = {1-17},
number = {9}
}

@article{Claessens2023,
title = {Cross-national analyses require additional controls to account for the non-independence of nations},
author = {Claessens, Scott and Kyritsis, Thanos and Atkinson, Quentin D},
journal = {Nature Communications},
volume = {14},
number = {1},
pages = {5776},
year = {2023},
publisher = {Nature Publishing Group UK London},
doi = {10.1038/s41467-023-41486-1}
}

@article{Currie2021,
author = {Currie, Thomas E.  and Campenni, Marco  and Flitton, Adam  and Njagi, Tim  and Ontiri, Enoch  and Perret, Cedric  and Walker, Lindsay },
title = {The cultural evolution and ecology of institutions},
journal = {Philosophical Transactions of the Royal Society B: Biological Sciences},
volume = {376},
number = {1828},
pages = {20200047},
year = {2021},
doi = {10.1098/rstb.2020.0047},
URL = {https://royalsocietypublishing.org/doi/abs/10.1098/rstb.2020.0047},
eprint = {https://royalsocietypublishing.org/doi/pdf/10.1098/rstb.2020.0047}
}

@book{Diamond1997,
address = {New York},
author = {Diamond, Jared M.},
publisher = {W. W. Norton \& Co.},
title = {Guns, Germs, and Steel: the Fates of Human Societies},
year = {1997}
}

@article{Dow2008,
author = {Malcolm M. Dow and E. Anthon Eff},
title ={Global, Regional, and Local Network Autocorrelation in the {Standard Cross-Cultural Sample}},
journal = {Cross-Cultural Research},
volume = {42},
number = {2},
pages = {148-171},
year = {2008},
doi = {10.1177/1069397107311186},
URL = {https://doi.org/10.1177/1069397107311186},
eprint = {https://doi.org/10.1177/1069397107311186}
}

@article{Gallup1999,
author = {John Luke Gallup and Jeffrey D. Sachs and Andrew D. Mellinger},
title ={Geography and Economic Development},
journal = {International Regional Science Review},
volume = {22},
number = {2},
pages = {179-232},
year = {1999},
doi = {10.1177/016001799761012334},
URL = {https://doi.org/10.1177/016001799761012334},
eprint = {https://doi.org/10.1177/016001799761012334}
}

@article{Gilliam2022,
author = {Ashley Gilliam and Danielle B. Schwartz and Ricardo Godoy and Aysecan Boduroglu and Angela Gutchess},
title = {Does State Tightness-Looseness Predict Behavior and Attitudes Early in the {COVID-19} Pandemic in the USA?},
journal = {Journal of Cross-Cultural Psychology},
volume = {53},
number = {5},
pages = {522-542},
year = {2022},
doi = {10.1177/00220221221077710},
URL = {https://doi.org/10.1177/00220221221077710},
eprint = {https://doi.org/10.1177/00220221221077710}
}

@article{Guglielmino1995,
author = {C R Guglielmino  and C Viganotti  and B Hewlett  and L L Cavalli-Sforza },
title = {Cultural variation in {Africa}: role of mechanisms of transmission and adaptation},
journal = {Proceedings of the National Academy of Sciences},
volume = {92},
number = {16},
pages = {7585-7589},
year = {1995},
doi = {10.1073/pnas.92.16.7585},
URL = {https://www.pnas.org/doi/abs/10.1073/pnas.92.16.7585},
eprint = {https://www.pnas.org/doi/pdf/10.1073/pnas.92.16.7585}
}

@article{Huang2023,
author = {Xiaoyu Huang and Vipin Gupta and Cailing Feng and Fu Yang and Lihua Zhang and Jiaming Zheng and Montgomery Van Wart},
title = {How National Culture Influences the Speed of {COVID-19} Spread: Three Cross-Cultural Studies},
journal = {Cross-Cultural Research},
volume = {57},
number = {2-3},
pages = {193-238},
year = {2023},
doi = {10.1177/10693971221141478},
URL = {https://doi.org/10.1177/10693971221141478},
eprint = {https://doi.org/10.1177/10693971221141478}
}

@article{Kelly2020,
author = {Morgan Kelly},
title = {Understanding Persistence},
journal = {CEPR Discussion Paper No. DP15246},
url = {http://ssrn.com/abstract=3688200},
year = {2020}
}

@article{Kyritsis2022,
title = {Shared cultural ancestry predicts the global diffusion of democracy}, 
volume = {4},
doi = {10.1017/ehs.2022.40},
journal = {Evolutionary Human Sciences},
author = {Kyritsis, Thanos and Matthews, Luke J. and Welch, David and Atkinson, Quentin D.},
year = {2022},
pages = {e42}
}

@article{Ma2022,
title = {Long-term orientation and demographics predict the willingness to quarantine: A cross-national survey in the first round of {COVID-19} lockdown},
journal = {Personality and Individual Differences},
volume = {192},
pages = {111589},
year = {2022},
issn = {0191-8869},
doi = {10.1016/j.paid.2022.111589},
url = {https://www.sciencedirect.com/science/article/pii/S0191886922000939},
author = {Jia-Tao Ma and Yang Ding and Si-Chu Shen and Yi Kuang and Shu-Wen Yang and Ming-Xing Xu and Shu Li}
}

@article{Matthews2016,
doi = {10.1371/journal.pone.0152979},
author = {Matthews, Luke J. and Passmore, Sam and Richard, Paul M. and Gray, Russell D. and Atkinson, Quentin D.},
journal = {PLOS ONE},
publisher = {Public Library of Science},
title = {Shared Cultural History as a Predictor of Political and Economic Changes among Nation States},
year = {2016},
month = {04},
volume = {11},
url = {https://doi.org/10.1371/journal.pone.0152979},
pages = {1-18},
number = {4}
}

@book{McElreath2020,
author = {McElreath, Richard},
title = {Statistical Rethinking: A {B}ayesian Course with Examples in {R} and {Stan}},
publisher = {CRC Press},
edition = {2},
year = {2020}
}

@article{Sookias2018,
author = {Sookias, Roland B.  and Passmore, Samuel  and Atkinson, Quentin D.},
title = {Deep cultural ancestry and human development indicators across nation states},
journal = {Royal Society Open Science},
volume = {5},
number = {4},
pages = {171411},
year = {2018},
doi = {10.1098/rsos.171411},
URL = {https://royalsocietypublishing.org/doi/abs/10.1098/rsos.171411},
eprint = {https://royalsocietypublishing.org/doi/pdf/10.1098/rsos.171411}
}

@article{Trepanowski2022,
title = {Cross-national comparison of religion as a predictor of {COVID-19} vaccination rates},
author = {Trepanowski, Rados{\l}aw and Dr{\k{a}}{\.z}kowski, Dariusz},
journal = {Journal of Religion and Health},
volume = {61},
number = {3},
pages = {2198--2211},
year = {2022},
publisher = {Springer},
doi = {10.1007/s10943-022-01569-7}
}
